2782 4320
126 356 218 426 ·7³·⁶]

479 363 482 370 ’
556 323 745 410 cururrus

162 584 166 592 ·
225 539 334 604 Multo
349 539 395 604 mi
410 549 524 604 tamen
541 561 577 604 es
593 540 690 604 uilior
706 550 739 605 et
755 539 869 605 leuior.

181 644 249 729 Qui
265 645 353 727 potis
370 645 442 708 est?
465 644 584 728 inquis.
634 644 733 728 Quod
749 654 918 710 amantem
934 645 1053 710 iniuria
1068 646 1145 712 talis

224 747 324 833 Cogit
340 768 451 814 amare
467 749 584 833 magis,
602 748 662 813 sed
678 749 764 813 bene
780 731 868 813 uelle
883 749 1010 815 minus:

179 1134 307 1220 Desine
322 1135 365 1199 de
380 1155 546 1220 quoquam
562 1133 739 1218 quicquam
755 1134 843 1202 bene
858 1133 946 1200 uelle
961 1135 1081 1202 mereri
1133 1203 1137 1209 ,

221 1239 294 1304 Aut
309 1239 453 1322 aliquem
470 1238 542 1302 fieri
558 1259 657 1322 posse
672 1248 791 1324 putare
807 1217 907 1323 piuni.

179 1344 303 1409 Omnia
318 1353 396 1406 sunt
413 1343 553 1426 ingrata,
570 1342 653 1406 nihil
669 1343 794 1407 fecisse
810 1342 980 1427 benigne:

222 1448 330 1512 Immo
346 1447 447 1510 etiarn
464 1447 587 1524 taedet,
605 1447 717 1511 taedet
734 1448 898 1531 obestque
915 1448 1042 1532 magis:

134 1579 148 1632 5
174 1551 222 1616 Vt
238 1551 328 1644 mihi,
346 1543 444 1634 quern
462 1571 560 1614 nenio
573 1550 708 1633 grauius
725 1571 788 1616 nec
804 1551 956 1616 acerbius
973 1562 1070 1636 urget

222 1656 332 1739 Quam
349 1656 447 1719 modo
463 1653 519 1738 qui
536 1674 589 1717 me
605 1675 708 1718 unum
724 1664 826 1738 atque
842 1654 978 1720 unicum
1011 1649 1013 1652 ’
1051 1677 1138 1722 rcum

264 1759 388 1824 habuit.

116 1951 194 2003 aeter,
204 1944 243 1993 his
254 1944 355 2008 passion
367 1943 499 1994 continues
507 1950 534 1993 to
544 1958 620 2007 grow,

116 2011 169 2058 and
178 2016 342 2058 overmasters
351 2011 391 2058 his
400 2009 540 2072 judgment.
571 2010 620 2059 But

116 2077 162 2124 the
188 2076 238 2124 fact
266 2077 320 2124 that
343 2076 376 2124 he
399 2075 543 2138 recognizes
571 2076 620 2124 this

115 2143 200 2190 shows
211 2149 237 2190 at
247 2142 310 2191 least
322 2158 337 2190 a
348 2141 487 2206 possibility
499 2141 528 2189 of
537 2157 620 2190 recov-

116 2223 169 2269 ery.
203 2208 241 2256 Cf.
262 2224 281 2256 c.
303 2207 346 2272 85;
371 2208 428 2256 Ter.
449 2209 520 2255 Eun.
544 2220 575 2270 70
594 2207 619 2256 ff.

116 2289 190 2322 nunc
206 2290 246 2337 ego
263 2280 286 2322 et
302 2274 374 2321 illam
392 2270 513 2321 scelestam
532 2288 579 2321 esse
599 2279 622 2321 et

116 2355 158 2388 me
179 2341 300 2388 miserum
324 2339 402 2387 sentio
425 2346 449 2388 et
469 2340 566 2395 ratden
599 2345 623 2386 et

114 2405 297 2454 amoreardeo.

152 2483 173 2534 7.
192 2471 267 2534 potis
279 2478 338 2520 est:
357 2487 387 2519 rc.
398 2470 473 2536 fieri,
489 2486 515 2519 as
533 2470 559 2518 in
576 2483 616 2531 42.

118 2537 162 2595 16;
185 2536 328 2600 76.16‚24.
363 2537 438 2600 poris
457 2537 543 2585 stands
559 2535 620 2584 here

114 2602 204 2651 before
232 2618 249 2651 a
274 2603 354 2651 vowel
385 2602 423 2650 lor
451 2609 515 2665 pote,
539 2617 568 2650 as
594 2601 621 2650 in

116 2669 158 2732 7⁶·
171 2681 211 2729 24

151 2733 174 2782 8.
192 2734 265 2783 bene
293 2735 375 2792 uelle,
402 2741 426 2783 to
455 2741 560 2798 reuocet,¹
590 2734 621 2784 cf.

115 2812 200 2918 75ss
227 2851 252 2914 Α
280 2865 457 2916 disheartened
485 2868 622 2932 complaint

114 2946 272 2994 concernrng
304 2933 347 2980 the
382 2933 533 2995 ingratitude
571 2935 622 2983 and

114 2997 287 3046 faithlessness
310 2998 339 3046 ol
360 3015 430 3047 some
453 2999 543 3057 friend,
566 3015 621 3064 per·

114 3065 181 3125 haps
190 3062 219 3111 ol
227 3063 326 3112 Caelius
339 3065 426 3122 Rufus,
436 3065 520 3113 whose
532 3065 622 3128 rivalry

679 1943 709 1992 oi
718 1943 797 1993 direct
806 1943 933 1994 discourse
944 1943 1111 2060 aliquiaem'
1139 1947 1179 1996 ius

673 2010 867 2075 possit.·-fieri
877 2031 902 2055 =
913 2027 978 2068 erse,·
991 2011 1022 2060 cf.
1067 2049 1072 2060 .
1083 2025 1098 2060 2
1097 1953 1179 2080 font.

678 2075 807 2138 -pium‚
820 2078 952 2142 grateful;
978 2077 1009 2126 cf.
1029 2077 1075 2126 Ov.
1102 2079 1178 2126 Y'rist.

678 2141 709 2188 V.
721 2154 744 2201 4.
757 2154 789 2203 43
796 2148 848 2204 pro
859 2143 949 2205 quibus
960 2142 1146 2209 affirmatfore
1155 2159 1180 2191 se

679 2222 860 2270 memoremque
872 2209 1016 2271 piumque;
1034 2208 1084 2257 Cic.
1106 2209 1178 2257 Fam.

677 2272 698 2320 I.
717 2285 740 2333 9.
761 2285 770 2320 1
791 2288 847 2320 cum
867 2273 936 2320 illud
955 2274 1038 2336 ipsvm
1051 2275 1179 2336 grauissi-

677 2353 748 2386 mum
761 2345 784 2385 el
793 2339 983 2386 sanctissimum
999 2355 1090 2387 nomm
1096 2341 1179 2404 pieta·

676 2404 709 2452 tis
720 2404 803 2452 leuiter
815 2403 881 2451 mihi
892 2405 992 2452 meritis
1007 2420 1066 2468 erga
1078 2421 1117 2454 me
1128 2407 1180 2455 tuis

676 2485 723 2519 esse
735 2470 864 2518 uideatur.

710 2549 733 2597 3.
752 2536 850 2584 omnia
878 2544 946 2585 sunt
978 2536 1108 2600 ingrata:
1144 2537 1176 2585 cf.

678 2601 757 2650 Plaut.
775 2602 851 2650 Asin.
873 2602 919 2664 136
941 2602 957 2650 l.
978 2603 1082 2666 ingrata
1105 2609 1179 2666 atque

678 2669 759 2717 irrita
783 2683 830 2716 esse
859 2668 946 2716 omnia
976 2669 1087 2732 intellego
1114 2684 1179 2733 quae

675 2734 732 2782 dedi
750 2743 774 2783 et
789 2734 858 2798 quod
872 2734 931 2782 bene
945 2734 1006 2801 feci.
1049 2734 1120 2783 With
1138 2733 1178 2783 in·

676 2811 756 2864 grata
768 2802 794 2850 in
808 2801 857 2848 this
870 2815 942 2848 sense
955 2799 986 2848 cf.
1000 2799 1039 2860 64.
1055 2812 1101 2862 103
1112 2816 1138 2850 n.
1150 2827 1174 2837 -

673 2869 744 2917 nihil
768 2869 812 2931 (sc.
832 2867 889 2929 ert),
909 2867 949 2916 'tis
968 2867 1000 2933 of
1012 2882 1045 2914 no
1063 2866 1139 2914 avail
1155 2874 1179 2914 to

672 2934 736 2983 have
758 2935 821 2982 done
846 2933 915 2981 deeds
938 2933 970 2997 of
984 2931 1121 2987 kindnerr,·
1145 2932 1177 2981 ci.

672 3001 729 3050 Ter.
741 3001 808 3048 And.
826 3012 874 3062 314
888 2999 920 3048 id
927 2997 1047 3062 ‘aliquid
1051 2999 1057 3022 '
1070 2998 1113 3045 nil
1126 3004 1178 3053 ert,·

673 3066 725 3115 Cic.
735 3067 806 3115 Fam.
817 3066 879 3114 VII.
891 3078 931 3128 33.
944 3076 953 3111 1
967 3079 1011 3112 nos
1021 3063 1091 3111 enim
1098 3061 1180 3126 plane

115 3129 177 3176 with
200 3130 312 3178 Catullus
335 3130 361 3178 in
382 3131 425 3179 the
446 3131 575 3179 affectione
595 3131 625 3180 ol
673 3131 846 3181 nihilsumus.

115 3195 210 3244 Lesbia
228 3195 248 3243 is
266 3195 375 3244 referred
393 3203 419 3244 to
437 3195 495 3244 inc.
509 3209 547 3261 77.
582 3197 620 3246 Cf.

114 3261 170 3310 also
182 3261 243 3309 lntr.
257 3273 297 3309 21.

115 3338 179 3449 ...ζ
193 3327 621 3457 qllilullrll⁰dllss⁸zlll⁸llli

115 3459 225 3508 desine.

152 3536 174 3572 2.
193 3523 337 3586 aliquem:
365 3523 464 3573 instead
486 3524 515 3572 oi
535 3540 619 3588 quem·

115 3603 209 3656 quam,¹
217 3603 244 3638 as
255 3589 277 3636 if
286 3590 406 3653 repeated
423 3589 487 3637 from
499 3591 542 3638 the
555 3589 620 3638 form

706 3211 728 3261 5.
746 3206 778 3247 ut
789 3197 876 3246 mihi:
895 3213 926 3246 sc.
939 3196 1006 3244 obest.

706 3263 728 3311 6.
747 3278 837 3313 unum
866 3272 951 3326 atque
983 3261 1114 3311 unicum:
1145 3260 1178 3311 cl.

672 3328 736 3377 Gell.
749 3329 849 3378 XVlll.
861 3343 885 3390 4.
904 3342 918 3376 2
935 3344 960 3377 se
977 3344 1060 3376 unum
1078 3333 1102 3376 et
1117 3327 1178 3376 uni·

672 3409 730 3443 cum
747 3394 859 3442 lectorem
877 3410 942 3450 esse,·
960 3393 1034 3458 Apul.
1052 3395 1114 3442 Met.
1132 3393 1177 3441 lv.

673 3472 701 3522 31
714 3461 789 3523 idque
801 3476 884 3509 unum
896 3467 920 3509 et
928 3467 979 3523 pro
991 3460 1109 3508 omnibus
1117 3459 1177 3507 uni·

672 3541 737 3573 cum.
771 3526 825 3574 The
840 3525 982 3573 succession
999 3524 1029 3572 of
1041 3525 1134 3573 elisons
1151 3525 1177 3574 in

671 3587 1168 3654 thisverseisnotewortby5ci.Intr.8ba
1264 3663 1265 3666 Ἴ
