2812 4320
654 353 844 406 CATULLUS.

395 535 577 600 Ridentem
593 534 695 600 catuli
711 555 770 600 ore
786 534 956 600 Gallicani.

394 639 638 704 circumsistite
655 659 739 715 eam,
757 649 791 702 et
808 639 1015 722 reflagitate:

395 743 557 807 ‘Moecha
573 743 698 825 putida,
715 744 818 822 redde
833 742 1013 819 codicillos,

396 847 522 922 Redde,
540 847 657 930 putida
672 847 820 923 moecha,
837 843 1027 911 codicillos.'

394 950 472 1015 Non
490 951 574 1015 assis
590 950 698 1014 facis?
720 971 740 1014 ο
757 951 874 1025 lutum,
891 949 1049 1034 lupanar,-

394 1055 467 1118 Aut
485 1055 512 1118 si
529 1054 691 1138 perditius
707 1064 804 1137 potes
820 1054 900 1138 quid
916 1074 1001 1119 esse.

396 1159 464 1224 Sed
480 1179 546 1223 non
564 1167 615 1222 est
631 1168 746 1223 tamen
762 1158 825 1223 hoc
842 1158 923 1222 satis
939 1159 1133 1242 putandum.

397 1263 496 1346 Quod
513 1263 541 1326 si
558 1283 624 1326 non
641 1261 730 1326 aliud
746 1272 869 1346 potest,
887 1263 1042 1326 ruborem

397 1367 522 1430 Ferreo
538 1366 630 1430 canis
647 1367 869 1449 exprimamus
886 1386 950 1430 ore.

397 1471 613 1535 Conclamate
628 1470 749 1535 iterum
765 1470 882 1534 altiore
898 1490 980 1535 uoce

398 1575 559 1638 ‘Moecha
574 1575 698 1658 putida,
716 1575 817 1638 redde
832 1574 1011 1651 codicillos,

397 1680 523 1754 Redde,
541 1679 657 1761 putida
671 1679 820 1754 moecha,
838 1676 1026 1743 codicillos.’

397 1783 465 1846 Sed
481 1783 527 1846 nil
543 1783 744 1866 proficimus,
761 1782 844 1845 nihil
860 1792 1022 1848 mouetur.

397 1887 561 1950 Mutanda
577 1896 628 1950 est
644 1886 728 1949 ratio
745 1887 930 1969 modusque
952 1885 1057 1962 nobis,

397 1991 434 2055 Si
446 1991 525 2074 quid
539 1992 699 2073 proficere
713 1989 856 2073 amplius
865 1989 1016 2072 potestis,

297 2077 299 2080 ⁵
399 2093 539 2156 ‘Pudica
555 2102 588 2156 et
605 2094 717 2176 proba,
734 2093 835 2156 redde
851 2090 1039 2156 codicillos.'

214 2261 344 2312 moleste
364 2260 391 2309 in
412 2260 461 2308 this
482 2275 554 2308 sense
575 2259 607 2309 ci.
631 2273 667 2308 10.
687 2273 727 2323 33.
775 2260 863 2308 shame
880 2258 910 2308 ο1
923 2259 1009 2323 public
1030 2260 1141 2319 scandal,
1158 2259 1204 2309 she
1223 2275 1284 2324 may

221 2329 289 2376 Note
301 2328 345 2376 the
357 2326 517 2374 alliteration.
776 2325 876 2389 comply
888 2326 947 2374 with
961 2341 1005 2374 our
1017 2327 1135 2375 demand.

255 2407 278 2455 9.
299 2392 450 2443 Gallicani:
478 2392 587 2455 perhaps
605 2392 666 2441 used
684 2392 727 2440 be·
813 2391 849 2440 16.
867 2399 973 2455 potest:
999 2407 1029 2439 sc.
1044 2391 1129 2468 βατὴ·
1152 2391 1192 2440 sor
1213 2392 1284 2440 simi·

222 2475 296 2508 cause
306 2459 348 2506 the
358 2473 457 2506 woman
467 2473 517 2506 was
530 2456 559 2505 ο1
572 2459 659 2506 Gallia
666 2465 727 2520 pro·
775 2457 813 2506 lar
830 2472 887 2518 easy
905 2457 1004 2520 ellipses
1021 2457 1080 2505 with
1094 2464 1164 2521 posse
1180 2472 1224 2506 see
1242 2471 1284 2522 72.

223 2526 322 2583 nimia,
342 2524 439 2586 though
462 2524 505 2572 the
526 2523 648 2585 adjective
671 2538 728 2585 may
777 2535 804 2588 73
826 2523 864 2585 76.
883 2522 919 2581 16,
933 2535 972 2582 24.

223 2592 254 2638 be
273 2590 331 2652 only
348 2605 364 2638 a
382 2590 477 2637 chance
491 2604 548 2646 one,
560 2590 629 2636 since
647 2589 728 2637 Gallic
813 2600 849 2651 17.
866 2588 963 2645 ferreo,
976 2589 1075 2647 braun,
1087 2588 1202 2651 showing
1212 2603 1285 2638 none

223 2658 286 2719 dogs
294 2671 359 2704 were
369 2671 384 2704 a
393 2655 470 2704 breed
483 2656 610 2718 approved
619 2655 646 2702 in
656 2655 727 2716 Italy.
777 2654 806 2703 ο1
815 2655 858 2702 the
870 2653 982 2717 mobility
994 2654 1023 2702 of
1032 2654 1226 2714 sensitiveness;
1248 2655 1284 2705 ci.

258 2735 294 2784 13.
313 2723 388 2772 assis
413 2721 498 2769 facis:
524 2720 555 2769 cf.
576 2732 598 2785 5.
622 2733 637 2783 3
659 2736 728 2768 n.—
776 2721 829 2770 Cic.
849 2721 899 2768 Pis.
918 2720 956 2768 26.
975 2720 1007 2781 63
1027 2736 1051 2768 os
1070 2726 1145 2768 tuum
1160 2721 1284 2787 ferreum

222 2787 328 2838 lutum:
358 2787 390 2836 cs.
415 2787 458 2835 the
482 2787 575 2835 similar
598 2802 641 2834 use
664 2801 692 2835 as
714 2802 729 2834 a
776 2793 878 2835 senatus
889 2787 1003 2834 conuicio
1016 2786 1152 2835 uerberari
1169 2786 1284 2836 noluisti.

224 2863 285 2902 term
302 2852 331 2901 ο1
348 2853 425 2901 abuse
447 2853 473 2900 in
494 2853 573 2902 Plaut.
592 2854 661 2902 Pers.
680 2866 728 2915 413
777 2852 898 2902 —canis
913 2866 975 2901 ore:
995 2851 1027 2900 cf.
1039 2852 1082 2900 the
1096 2852 1218 2900 Homeric
1230 2853 1284 2916 epi·

219 2927 319 2983 possum
336 2925 358 2966 te
369 2921 458 2984 facere
474 2926 503 2966 ut
519 2925 653 2982 argentum
665 2922 727 2966 acci·
777 2919 833 2967 thet
855 2919 986 2977 aurdane,
1019 2919 1069 2966 and
1092 2933 1187 2980 among
1209 2919 1285 2966 other

219 2986 286 3048 pias,
311 2985 417 3034 lutum?
441 2985 493 3033 Cic.
513 2986 567 3033 Pis.
593 2985 632 3034 26.
656 2985 688 3033 62
715 3001 729 3033 o
778 2984 877 3033 natione
893 2984 935 3032 the
948 2985 1000 3046 dog
1016 2983 1062 3032 has
1077 2983 1144 3032 been
1161 2984 1205 3032 the
1223 2991 1285 3047 type

222 3052 344 3109 tenebrae,
357 3050 473 3108 elutum,
487 3051 613 3100 vuardes!
777 3050 807 3099 ο1
815 3051 1017 3099 shamelessness.

259 3130 295 3176 14.
314 3125 363 3170 aut
375 3117 408 3176 si,
422 3123 484 3166 ete:
499 3117 559 3165 with
572 3117 614 3165 the
628 3116 691 3165 form
704 3115 733 3165 os
812 3129 849 3165 22.
869 3117 1013 3174 mutanda,
1032 3122 1094 3164 etc:
1115 3116 1154 3164 i.e.
1172 3115 1285 3179 perhaps

223 3182 366 3246 expression
379 3182 410 3232 cl.
427 3195 464 3245 13.
481 3196 511 3230 10
522 3199 547 3232 n.
777 3198 876 3232 success
887 3183 909 3231 is
920 3181 1072 3246 impossible,
1084 3181 1129 3230 but
1144 3181 1166 3229 if
1180 3182 1250 3229 there
1262 3181 1286 3229 is

260 3261 295 3313 15.
315 3250 367 3298 sed
391 3263 458 3307 non,
481 3255 543 3297 etc.:
572 3250 610 3297 de.
626 3265 664 3297 we
687 3264 730 3297 are
778 3264 826 3312 any
845 3249 948 3307 chance,
966 3248 985 3297 it
1007 3248 1053 3296 lies
1073 3247 1099 3295 in
1122 3262 1136 3294 a
1156 3247 1285 3310 complete

224 3314 349 3376 evidently
360 3314 560 3378 accomplishing
573 3315 681 3377 nothing
697 3315 730 3376 by
779 3315 877 3377 change
889 3313 918 3362 of
926 3315 1001 3363 front.

223 3380 313 3444 simply
332 3381 424 3443 calling
442 3381 487 3429 her
501 3381 551 3428 bad
569 3395 673 3438 names;
696 3380 731 3428 let
813 3393 853 3441 24.
873 3380 911 3429 Cf.
919 3381 962 3428 the
971 3379 1064 3428 similar
1071 3379 1142 3440 irony
1150 3379 1176 3426 in
1185 3379 1229 3426 the
1239 3379 1284 3426 ad·

224 3462 253 3496 us
269 3447 344 3496 shout
364 3462 433 3495 more
451 3446 545 3508 loudly,
556 3446 612 3495 that
624 3446 662 3494 lor
672 3461 731 3510 very
779 3447 849 3495 dress
856 3453 882 3494 to
889 3446 1003 3504 Canidia,
1011 3446 1075 3494 Hor.
1084 3445 1211 3510 Epod.17.
1219 3443 1279 3507 3811
