2788 4324
114 335 253 404 -641511
559 335 750 388 CATULLUS.

197 517 343 582 Nullane
359 538 412 581 res
428 516 538 600 potuit
555 517 698 583 crudelis
715 517 852 582 flectere
868 515 991 582 mentis

198 621 408 687 Consilium?
430 621 492 686 tibi
508 621 599 686 nulla
615 621 679 686 fuit
696 621 874 686 clementia
889 631 1025 703 praesto

198 727 332 790 Immite
348 736 385 790 ut
398 726 504 790 nostri
521 726 624 790 uellet
641 726 857 791 miserescere
873 727 1016 808 pectus?

197 829 246 893 At
263 851 330 894 non
347 831 430 895 haec
446 831 613 913 quondam
631 830 752 894 blanda
769 831 933 914 promissa
948 830 1072 896 dedisti

119 963 171 1012 140
195 923 289 998 Voce
305 934 396 1011 mihi,
414 955 481 998 non
498 935 582 999 haec
598 934 739 998 miserae
756 955 890 1018 sperare
906 935 1054 1012 iubebas,

197 1038 265 1103 Sed
282 1039 425 1103 conubia
439 1038 536 1115 laeta,
554 1040 614 1103 sed
631 1048 764 1121 optatos
782 1040 1005 1125 hymenaeos:

197 1143 294 1226 Quae
311 1151 433 1206 cuncta
447 1143 527 1206 aerii
543 1142 738 1225 discerpunt
755 1143 848 1207 irrita
864 1143 966 1208 uenti.

198 1247 297 1310 Nunc
314 1247 378 1311 iam
395 1245 486 1310 nulla
502 1246 574 1310 uiro
590 1246 713 1310 iuranti
728 1247 854 1311 femina
870 1249 994 1324 credat,
1037 1300 1039 1303 .

197 1350 300 1415 Nulla
314 1350 377 1415 uiri
393 1360 506 1433 speret
523 1371 696 1415 sermones
712 1371 788 1415 esse
804 1351 943 1418 fideles:

121 1483 171 1536 145
198 1455 284 1539 Quis
301 1456 379 1519 dum
396 1455 519 1538 aliquid
536 1455 674 1538 cupiens
689 1455 823 1533 animus
841 1442 1027 1538 praegestit
1043 1455 1155 1539 apisci,

197 1558 254 1623 Nil
270 1569 426 1624 metuunt
442 1559 560 1636 iurare,
577 1560 659 1623 nihil
675 1559 871 1642 promittere
887 1569 1050 1642 parcunt:

197 1663 265 1728 Sed
282 1663 437 1728 simulac
453 1663 592 1746 cupidae
608 1664 731 1728 mentis
747 1664 868 1728 satiata
884 1663 985 1728 libido
1002 1673 1064 1741 est,

197 1767 298 1831 Dicta
313 1767 396 1830 nihil
411 1767 603 1844 meminere,
621 1768 704 1831 nihil
721 1767 864 1850 periuria
880 1777 1008 1834 curant.

197 1870 299 1935 Certe
314 1891 377 1954 ego
393 1881 428 1935 te
443 1871 477 1935 in
494 1871 604 1935 medio
620 1880 811 1935 uersantem
828 1871 963 1936 turbine
977 1872 1038 1936 leti

122 2000 172 2055 150
198 1975 315 2057 Eripui
330 1985 364 2038 et
380 1975 491 2057 potius
508 1995 704 2057 germanum
721 1976 875 2040 amittere
892 1976 982 2040 creui

198 2077 308 2161 Quam
325 2079 387 2143 tibi
401 2078 511 2144 fallaci
527 2099 683 2162 supremo
699 2079 734 2142 in
750 2088 902 2162 tempore
918 2081 1070 2144 deessem
1087 2103 1093 2146 :

124 2244 175 2294 ban
203 2245 233 2294 of
257 2245 390 2294 Ariadne’s
417 2261 500 2306 curse;
538 2245 571 2296 cf.
599 2262 624 2295 v.
712 2259 766 2309 143.
781 2261 866 2305 nunc,
876 2254 938 2296 etc:
952 2246 986 2296 cl.
996 2247 1043 2298 Ov.
1052 2249 1117 2298 Fast.
1129 2248 1178 2300 111.

124 2325 173 2374 192
184 2310 209 2360 ff.
676 2325 724 2384 475
738 2329 809 2362 nunc
825 2329 921 2376 quoque
932 2317 939 2341 ‘
949 2314 1024 2362 nulla
1041 2315 1117 2363 uiro’
1130 2315 1178 2362 cla·

160 2390 214 2440 139.
231 2377 337 2427 blanda
370 2392 455 2427 uoce:
491 2377 555 2426 alter
583 2379 627 2427 the
677 2379 748 2427 mabo
766 2383 773 2406 ⁴
776 2381 881 2444 semina
898 2380 985 2428 credat
992 2380 998 2404 ’
1019 2379 1130 2444 (spoken
1147 2380 1180 2442 by

121 2451 192 2492 wont
204 2443 233 2491 of
246 2443 388 2507 persuasive
401 2445 493 2503 lovers;
515 2444 546 2492 cl.
560 2444 626 2493 Eun.
676 2445 789 2493 Ariadne
800 2445 861 2492 with
873 2445 1002 2494 reference
1020 2451 1046 2493 to
1063 2445 1106 2494 the
1124 2446 1179 2494 infi-

121 2512 196 2558 Ann.
206 2521 234 2574 51
249 2509 342 2558 blanda
355 2526 413 2558 uoce
424 2510 561 2565 necabam:
578 2511 626 2559 Cu·
677 2510 754 2572 delity
765 2510 795 2559 of
809 2509 948 2574 Bacchus).

121 2577 165 2625 lex
177 2574 225 2638 278
236 2575 311 2623 turba
321 2576 446 2640 ferarum
464 2576 557 2624 blanda
570 2591 628 2624 uoce
712 2588 766 2640 145.
784 2576 952 2639 praegestit:
977 2576 1021 2625 the
1043 2578 1113 2626 word
1135 2593 1178 2640 ap·

121 2642 355 2756 ‘cilwi‘rl‘gli‘l
370 2641 626 2770 ‘li3d‘iiid02iiil
676 2641 1106 2772 alfl⁸lt7⁰ssfbtptlllznl¹¹
1124 2643 1178 2756 535.

123 2789 182 2821 uoce
193 2774 327 2822 moraris?
343 2773 393 2822 111.
404 2784 450 2837 795
464 2789 509 2821 nec
519 2773 628 2822 blandae
677 2773 772 2831 uidere,
785 2775 836 2822 and
848 2773 875 2821 in
890 2775 952 2822 Hor.
969 2775 1055 2823 Carm.
1074 2774 1110 2822 11.
1128 2786 1150 2838 5.
1163 2788 1178 2835 9

123 2854 194 2887 uoces
205 2845 300 2886 cessent.
678 2840 802 2887 iuuencae
819 2839 905 2887 ludere
922 2855 979 2888 cum
997 2841 1089 2888 ailulis
1100 2847 1178 2902 prae-

160 2917 214 2964 ¹40·
233 2905 368 2953 miserae:
394 2905 437 2953 the
461 2905 544 2954 dative
567 2904 627 2953 with
672 2906 808 2968 gestientis.

123 2969 229 3019 dedisti
240 2985 321 3018 seems
332 2977 361 3018 to
375 2970 407 3019 be
422 2971 558 3018 continued
573 2971 626 3018 into
712 2983 766 3032 149.
784 2970 896 3019 turbine
913 2970 975 3019 leti:
996 2970 1027 3020 cl.
1039 2971 1094 3020 Val.
1110 2970 1178 3021 Flac.

122 3036 167 3084 the
186 3035 405 3094 iubebas-clause,
420 3035 518 3098 though
536 3051 551 3084 a
568 3036 626 3084 sim·
676 3036 721 3084 VI.
735 3049 782 3100 279
794 3037 888 3084 doloris
898 3036 1008 3084 turbine.

122 3101 166 3164 ple
184 3101 305 3150 infinitive
322 3103 373 3151 and
392 3102 475 3152 dative
496 3102 517 3149 is
537 3117 552 3150 a
572 3117 626 3150 rare
712 3114 765 3166 150.
784 3115 969 3163 germanum:
990 3103 1027 3150 ale.
1038 3103 1082 3150 the
1095 3103 1178 3150 Mino·

122 3167 295 3216 construction
306 3167 366 3216 with
378 3168 433 3216 that
444 3167 512 3216 verb.
676 3173 749 3226 taur;
772 3168 803 3216 cs.
816 3184 840 3215 v.
857 3166 914 3225 181;
938 3167 984 3216 Ov.
999 3169 1063 3216 Her.
1082 3181 1118 3216 10.
1133 3181 1177 3232 115

160 3244 213 3293 141.
227 3234 285 3291 aed,
295 3239 357 3282 etc:
372 3233 403 3282 cf.
411 3233 454 3281 the
465 3232 532 3281 close
541 3232 627 3282 verbal
676 3233 777 3284 dexteru
794 3233 903 3282 crudelis
918 3249 983 3297 quae
1003 3249 1042 3281 me
1054 3235 1178 3298 fratrem·

123 3299 175 3347 aud
189 3298 302 3348 metrical
318 3298 491 3348 resemblance
508 3299 537 3347 ol
551 3300 627 3361 Verg.
675 3315 724 3362 que
744 3300 851 3348 necauit.
861 3326 895 3334 -
905 3299 996 3348 creui:
1021 3299 1121 3348 archaic
1142 3299 1180 3346 sor

122 3367 188 3413 Aen.
210 3364 254 3413 1v.
273 3364 321 3427 316
335 3373 386 3428 per
401 3365 509 3413 conubia
532 3372 627 3423 nostra,
676 3365 796 3420 decreui,·
814 3365 844 3413 cl.
862 3365 940 3414 Lucil.
956 3364 1031 3412 XllI.
1050 3377 1060 3412 1
1078 3365 1180 3414 acribus

123 3437 176 3493 per
187 3431 293 3494 inceptos
303 3431 456 3494 hymenaeos.
487 3431 543 3479 Τὴε
555 3446 627 3494 repe·
678 3431 746 3479 inter
763 3447 787 3478 se
804 3447 861 3479 cum
879 3431 963 3480 armis
981 3431 1113 3495 confligere
1129 3446 1178 3478 cer·

123 3495 240 3545 titionof
253 3498 304 3546 aed
317 3497 587 3560 correspondstothat
601 3495 630 3544 of
677 3497 735 3551 nit,·
760 3496 840 3545 Plaut.
865 3497 923 3546 cist.
947 3509 956 3544 1
980 3497 1047 3544 mini
1069 3497 1179 3544 amicam

123 3576 183 3611 nun
198 3563 269 3612 haec
285 3562 311 3610 in
323 3578 345 3611 v.
361 3575 407 3624 139
421 3562 479 3612 1.-
488 3563 624 3612 conubia:
677 3578 724 3610 esse
735 3563 806 3611 creui
817 3569 925 3610 matrem
937 3569 1018 3611 tuam.
1160 3611 1162 3616 ,

123 3628 204 3692 plural
218 3628 278 3676 with
293 3628 403 3690 singular
418 3629 543 3690 meaning,
557 3644 585 3676 as
600 3629 627 3675 in
713 3641 767 3692 151.
784 3642 920 3691 supremo
936 3628 1120 3693 intempore:
1141 3630 1180 3678 ia.

123 3711 147 3742 v.
169 3693 226 3758 158;
254 3694 299 3742 but
316 3693 427 3756 singular
443 3694 470 3742 in
488 3694 527 3743 62.
546 3706 628 3758 57.-
676 3694 704 3742 in
716 3701 825 3742 extreme
838 3695 934 3756 danger
945 3693 973 3741 ol
983 3693 1039 3753 lile,
1055 3693 1087 3742 cl.
1098 3710 1121 3743 v.
1134 3694 1180 3755 169

123 3760 314 3822 hymenaeos:
334 3760 401 3808 clv,
414 3773 482 3809 aon.
677 3767 787 3810 extremo
804 3765 928 3822 tempore:
953 3760 1017 3808 Hor.
1039 3761 1125 3809 Carm.
1145 3760 1180 3809 II.
1211 3815 1212 3820 ,

160 3838 215 3888 ¹4²·
233 3825 319 3884 uenti,
332 3832 395 3875 etc:
415 3825 448 3876 cf.
461 3838 500 3888 30.
516 3838 547 3874 ro
558 3842 582 3876 n.
679 3838 701 3890 7.
717 3839 726 3874 1
741 3833 837 3889 tempus
849 3827 879 3874 in
891 3825 1020 3876 ultimum.
