2788 4324
111 348 251 415 -64.180]
557 348 744 400 etruscus

151 541 198 610 ¹⁶5
225 531 428 594 Exsternata
443 528 539 606 malo,
557 550 643 612 quae
659 530 760 594 nullis
777 529 933 593 sensibus
949 539 1068 593 auctae

224 635 297 699 Nec
315 635 433 698 missas
449 634 563 699 audire
579 644 707 718 queunt
724 655 786 698 nec
804 635 943 698 reddere
960 634 1085 697 uoces?

225 739 286 802 llle
302 748 414 802 autem
431 759 535 821 prope
551 738 617 802 iam
633 738 753 803 mediis
770 748 923 802 uersatur
938 738 972 800 in
989 738 1095 814 undis,

225 843 298 907 Nec
314 842 490 926 quisquam
507 844 645 924 adparet
662 862 769 906 uacua
784 841 933 906 mortalis
949 841 983 905 in
1000 842 1083 924 alga.
1142 823 1145 834 ¹

224 946 281 1011 Sic
298 946 397 1010 nimis
413 947 580 1011 insultans
596 956 746 1010 extremo
762 955 913 1028 tempore
929 966 1030 1010 saeua

150 1077 198 1128 170
225 1051 309 1114 Fors
326 1051 427 1115 etiarn
444 1051 568 1114 nostris
584 1043 705 1115 inuidit
722 1051 897 1134 questibus
912 1050 1009 1124 auris.

223 1155 375 1237 Iuppiter
389 1155 613 1237 omnipotens,
631 1155 760 1219 utinam
778 1175 820 1218 ne
835 1165 986 1236 tempore
1002 1154 1109 1236 primo

223 1259 350 1322 Gnosia
364 1259 545 1342 Cecropiae
561 1259 753 1342 tetigissent
769 1259 867 1322 litora
884 1278 1022 1341 puppes,

223 1363 393 1427 indomito
405 1384 468 1427 nec
484 1363 556 1427 dira
570 1363 683 1427 ferens
700 1363 867 1444 stipendia
882 1372 979 1427 tauro

222 1466 371 1530 Perfidus
388 1467 422 1529 in
441 1467 542 1531 Creta
557 1467 731 1550 religasset
748 1466 862 1530 nauita
876 1466 1002 1542 funem,

148 1596 195 1651 ¹75
221 1571 295 1635 Nec
312 1571 419 1634 malus
435 1571 490 1635 hie
507 1570 619 1635 celans
636 1571 724 1636 dulci
740 1570 886 1635 crudelia
901 1571 1009 1635 forma

221 1674 369 1738 Consilia
386 1675 419 1738 in
436 1675 561 1739 nostris
578 1675 763 1758 requiesset
781 1675 917 1740 sedibus
932 1675 1074 1758 hospes!

222 1779 308 1842 Nam
325 1799 390 1862 quo
406 1799 460 1842 me
476 1779 618 1843 referam
633 1780 652 1842 ?'
667 1779 755 1862 quali
772 1799 832 1862 spe
847 1765 976 1862 perdita
992 1779 1107 1848 nitor?

210 1883 384 1947 vIdaeosne
400 1893 512 1966 petam
528 1884 685 1947 montes?
707 1884 759 1959 ah,
777 1884 911 1967 gurgite
927 1885 995 1948 lato

220 1987 427 2051 Discerneus
443 1987 539 2070 ponti
555 1986 780 2051 truculentum
797 1988 853 2052 ubi
869 1988 989 2051 diuidit
1006 1990 1152 2071 aequor?

147 2103 195 2154 180
219 2090 277 2154 An
294 2091 397 2173 patris
413 2091 571 2155 auxilium
588 2111 728 2174 sperem,
746 2111 890 2174 quemne
906 2092 979 2174 ipsa
995 2092 1113 2175 reliqui

153 2322 207 2388 165.
225 2333 399 2374 exsternata:
431 2324 461 2374 cf.
485 2341 508 2373 v.
534 2337 561 2388 71
593 2341 618 2375 11.
670 2325 822 2390 conferam?
839 2342 887 2388 quo
904 2327 1027 2374 uertam?
1047 2326 1076 2374 in
1099 2325 1172 2388 Capi·

113 2391 282 2440 exsternane't.
290 2418 324 2426 -
330 2397 437 2449 auctae,
446 2391 576 2447 endawed,·
586 2391 618 2440 cf.
670 2392 714 2440 toli
716 2393 811 2440 unane?
820 2398 849 2438 at
849 2392 1079 2456 fratrissangnine
1084 2392 1172 2440 madet.

114 2457 191 2505 Lucr.
221 2457 271 2506 III.
301 2455 349 2506 628
377 2457 482 2505 animas
508 2457 620 2505 sensibus
670 2473 706 2506 an
718 2457 843 2506 domum?
860 2464 1000 2505 matremne
1012 2463 1042 2504 ut
1052 2457 1172 2505 miseram

113 2529 212 2570 auctas.
670 2525 850 2572 lamentantem
863 2523 965 2571 uideam
977 2530 1001 2571 et
1010 2523 1153 2571 abiectam?

152 2587 207 2637 168.
225 2587 304 2650 alga:
324 2587 356 2637 cs.
370 2604 391 2636 v.
405 2589 437 2636 60
449 2605 473 2638 n.
706 2588 752 2652 178
764 2589 788 2637 ff.
805 2589 918 2637 Ariadne
936 2604 1056 2652 proposes
1074 2595 1100 2637 to
1118 2590 1172 2636 her·

152 2653 207 2714 169.
225 2662 351 2703 extremo
373 2662 509 2718 tempore,
528 2661 557 2702 at
578 2671 620 2717 my
670 2655 719 2703 seli
728 2655 798 2702 three
811 2670 919 2713 courses,
932 2656 983 2703 and
996 2654 1085 2716 rejects
1103 2655 1172 2702 them

113 2720 260 2775 lasthour,·
278 2719 309 2768 ct.
321 2735 344 2769 v.
360 2732 403 2784 ¹5¹
418 2736 442 2767 n.
669 2721 833 2782 successively
847 2736 874 2769 as
892 2720 1043 2784 impossible,
1057 2721 1100 2768 the
1113 2721 1171 2777 first,

151 2797 205 2848 172.
227 2785 350 2834 Gnosia:
378 2785 506 2834 doubtless
529 2785 619 2848 simply
669 2785 776 2834 because
789 2785 998 2835 osberisolation
1011 2786 1075 2835 from
1087 2787 1171 2843 home,

113 2850 251 2910 ‘Cretan’;
273 2851 304 2898 cf.
316 2867 339 2900 v.
352 2863 382 2914 75
399 2852 524 2913 Gortynia
537 2858 606 2899 tecta.
669 2851 712 2899 the
730 2852 802 2899 other
819 2858 875 2908 two,
888 2852 995 2900 because
1013 2852 1065 2900 also
1083 2851 1111 2899 ol
1126 2851 1171 2899 her

151 2928 206 2980 173.
224 2923 319 2965 tauro:
344 2931 373 2964 so
390 2916 433 2964 the
452 2916 580 2964 Minotaur
597 2917 618 2964 is
668 2924 724 2980 past
737 2918 973 2966 deme-Idaeos
985 2926 1114 2967 montes:
1132 2919 1169 2965 ie.

114 2980 198 3030 called
210 2981 263 3030 also
275 2982 334 3032 inv.
349 2994 403 3044 230.
669 2983 750 3042 Crete,
776 2984 819 3030 the
843 2983 951 3045 thought
979 2983 1056 3045 being
1082 2984 1171 3046 simply

150 3059 205 3110 174
223 3047 490 3109 religassettunem:
505 3047 618 3096 osmoor·
669 3049 698 3096 ot
707 3049 836 3110 returning
847 3049 931 3096 home.

113 3113 160 3175 ing
178 3121 205 3161 to
224 3113 267 3161 the
285 3113 379 3172 shore;
409 3113 441 3162 cs.
459 3114 533 3176 Verg.
553 3117 617 3162 Aen.
704 3113 758 3163 180.
776 3127 902 3177 sperem:
920 3130 951 3162 sc.
962 3129 1025 3161 even
1037 3114 1081 3162 111
1095 3113 1170 3162 could

112 3178 175 3227 VII.
195 3179 241 3226 106
253 3181 390 3242 graminea
406 3181 481 3242 ripae
497 3181 620 3244 relegauit
669 3180 744 3227 reach
765 3180 846 3228 Crete.
858 3207 890 3214 —
903 3193 1026 3242 quemne
1039 3200 1064 3222 =
1080 3181 1171 3243 quippe

113 3244 146 3292 ab
157 3260 244 3308 aggere
255 3245 353 3293 classem
362 3262 373 3300 ,·
392 3245 452 3293 Luc.
465 3245 543 3293 Phar.
557 3246 617 3294 VII.
668 3262 740 3308 quem
748 3263 757 3302 ;
776 3245 807 3293 cf.
819 3261 841 3293 v.
857 3244 915 3307 1833
937 3245 976 3294 68.
989 3257 1029 3306 91.
1064 3246 1118 3293 The
1132 3247 1169 3293 in·

113 3310 165 3359 860
188 3311 276 3359 nullus
297 3311 329 3358 ab
351 3311 472 3359 Emathio
494 3311 620 3374 relr'gasset
668 3311 817 3373 terrogative
833 3310 936 3375 particle
948 3327 991 3358 ·ne
1002 3311 1023 3358 is
1035 3318 1080 3358 not
1096 3310 1169 3358 infre-

115 3376 285 3441 litorefunem
299 3378 400 3428 nauita.
669 3376 774 3440 quently·
783 3375 872 3439 joined
889 3384 916 3425 to
933 3376 1048 3424 relatives
1060 3384 1086 3425 to
1099 3377 1170 3440 point

152 3454 205 3507 175.
223 3443 317 3492 malus
329 3443 389 3492 bic:
410 3443 441 3491 cf.
455 3456 494 3504 29.
507 3455 536 3491 21
551 3459 575 3492 n.
668 3442 711 3490 the
723 3458 813 3490 reason
830 3441 868 3490 lor
880 3443 1066 3504 controverting
1083 3458 1097 3491 a
1114 3459 1170 3506 pre·
1200 3454 1202 3460 ’

151 3519 197 3572 177
209 3507 234 3557 ff.
251 3508 289 3556 cf.
310 3509 395 3571 Eurip.
414 3509 483 3558 Med.
503 3521 550 3573 502
568 3508 612 3566 ff.;
667 3508 739 3556 vious
750 3509 879 3566 assertiou‚
891 3524 919 3556 or
931 3507 970 3556 lor
987 3509 1126 3570 answering
1144 3509 1170 3556 ln

113 3573 161 3623 Ov.
174 3575 237 3624 Met.
251 3575 324 3622 VIII.
341 3586 386 3637 113
398 3575 421 3622 ff.
436 3590 561 3638 namquo
578 3574 617 3622 de·
669 3574 712 3622 the
729 3574 846 3636 negative
864 3590 878 3623 a
895 3574 1012 3638 previous
1032 3575 1165 3638 question3

112 3647 181 3688 serta
202 3642 342 3690 reuertar?
369 3643 398 3688 in
413 3641 556 3704 patriam?
578 3640 618 3687 de·
669 3640 701 3688 cf.
719 3639 797 3688 Plaut.
822 3641 847 3689 T
845 3642 899 3690 rin.
917 3641 966 3702 360
985 3641 1051 3704 quin
1068 3640 1172 3688 comedit

113 3713 181 3754 serta
205 3707 277 3766 iacet,
373 3707 461 3770 patris
489 3706 527 3754 ad
550 3707 619 3755 ora?
669 3705 738 3769 quad
750 3707 816 3771 suit,
839 3706 907 3770 quad
932 3723 984 3754 non
1006 3707 1087 3771 suit?
1113 3707 1170 3754 Ter.

113 3787 187 3835 quem
210 3772 258 3821 tibi
280 3772 400 3822 donant?
438 3773 465 3822 C.
490 3773 618 3821 Gracchus
668 3773 743 3820 Phor.
754 3784 802 3833 923
811 3772 907 3834 quodne
916 3788 956 3835 ega
964 3772 1083 3835 discripsi
1090 3779 1170 3834 porro

116 3838 184 3901 (Cic.
193 3839 294 3888 Deiota
305 3838 355 3887 111.
365 3837 426 3902 214)
438 3855 485 3903 quo
494 3855 532 3886 me
541 3839 619 3886 miser
669 3838 722 3886 illis
749 3838 840 3901 quibus
868 3838 963 3887 debuit
990 3839 1040 3887 and
1070 3838 1171 3885 Minton
