2782 4320
221 318 272 374 ma
655 319 843 374 curamus
1184 321 1287 388 [883-

281 502 405 566 Totum
423 501 503 567 illud
521 501 703 568 ‘formosa'
721 509 828 587 nego:
852 524 929 584 nam
946 502 1037 567 nulla
1051 512 1224 580 uenustas,

326 606 428 670 Nulla
443 607 475 670 in
492 617 561 671 tam
578 627 700 690 magno
715 618 768 672 est
784 627 922 691 corpore
938 607 1025 672 mica
1039 606 1127 672 salis.

239 736 253 791 ⁵
281 710 405 775 Lesbia
420 711 566 775 formosa
582 721 644 787 est,
661 732 746 795 quae
762 732 839 776 curn
854 711 1077 795 pulcherrima
1091 721 1165 777 tota
1179 720 1241 790 est,

325 814 413 878 Turn
429 814 584 879 omnibus
600 835 667 880 una
681 814 791 880 omnis
807 814 972 899 subripuit
989 814 1150 881 Veneres.

722 1030 778 1117 sy.

282 1173 384 1236 Nulla
399 1183 510 1256 potest
527 1174 646 1239 mulier
660 1185 792 1238 tantum
809 1195 847 1240 se
862 1175 973 1240 dicere
989 1184 1133 1240 amatam

325 1277 423 1352 Vere,
441 1289 603 1361 quantum
620 1299 639 1341 a
654 1298 708 1343 me
727 1279 850 1343 Lesbia
864 1290 975 1343 amata
991 1299 1065 1343 mea
1080 1300 1137 1344 es:

283 1374 384 1446 Nulla
399 1382 482 1445 fides
499 1382 566 1445 ullo
581 1381 645 1446 fuit
662 1403 809 1465 unquam
826 1383 860 1445 in
875 1383 1011 1446 foedere
1026 1392 1121 1447 tanta

327 1484 463 1569 Quanta
478 1485 513 1548 in
528 1506 640 1550 amore
655 1495 715 1549 tuo
730 1506 771 1550 ex
786 1496 881 1570 parte
896 1496 1028 1569 reperta
1042 1506 1117 1551 mea
1132 1496 1190 1554 est

723 1699 779 1770 88.

284 1840 374 1925 Quid
390 1841 470 1907 facit
487 1840 525 1917 is,
544 1840 640 1917 Gelli,
658 1841 806 1924 quicum
823 1850 929 1907 matre
944 1850 1046 1925 atque
1061 1860 1175 1906 sorore

327 1945 435 2008 Prurit
453 1955 486 2009 et
502 1945 642 2010 abiectis
658 1945 834 2029 peruigilat
851 1946 1000 2010 tunicis?

225 2073 229 2080 ·
284 2049 374 2133 Quid
389 2049 470 2112 facit
487 2046 515 2112 is
531 2060 685 2130 patruum
702 2049 841 2132 quinon
858 2049 938 2113 sinit
956 2070 1031 2113 esse
1048 2049 1227 2114 maritum?

328 2153 458 2236 Ecquid
474 2153 540 2216 scis
556 2165 717 2236 quantum
735 2153 894 2235 suscipiat
911 2153 1068 2218 sceleris?

240 2284 254 2339 5
282 2257 439 2339 Suscipit,
458 2278 477 2320 o
495 2256 590 2332 Gelli,
608 2267 769 2339 quantum
788 2277 855 2320 non
871 2257 989 2320 ultima
1004 2259 1134 2343 Tethys
1205 2273 1211 2282 ·

327 2362 400 2426 Nec
416 2362 548 2444 genitor
564 2361 783 2446 nympharum
801 2361 907 2425 abluit
924 2361 1102 2426 Oceanus:

224 2577 301 2625 quam
318 2561 363 2608 dat
378 2567 486 2614 natura,
506 2559 610 2612 uideri:
629 2559 731 2620 Tenny-
775 2573 851 2607 -ex
875 2566 953 2623 parte
977 2573 1061 2608 mea:
1091 2567 1138 2607 not
1166 2575 1194 2608 as
1223 2575 1283 2608 cou-

224 2643 269 2674 sou
283 2628 404 2683 Princess,
415 2629 437 2673 A
450 2625 571 2688 daughter
581 2625 613 2689 os
617 2625 655 2672 the
662 2624 729 2687 gads,
776 2626 870 2672 trusted
883 2625 941 2672 with
960 2625 1050 2673 Lesbia
1061 2625 1087 2672 in
1099 2625 1145 2674 her
1159 2625 1283 2674 saithless·

186 2729 187 2733 ,
224 2690 729 2755 divinelytall,andmostde'vinehfizir.
777 2692 934 2746 nessa—the
954 2691 1045 2754 phrase
1066 2691 1094 2739 in
1115 2705 1211 2740 amore
1233 2700 1283 2741 tuo

258 2772 279 2820 3.
298 2766 452 2808 uenustas:
472 2757 503 2805 cs.
514 2769 535 2817 3.
550 2769 558 2803 r
574 2772 598 2804 n.
619 2757 730 2805 Veneres.
776 2756 908 2819 precludes
922 2756 1076 2814 that—but
1094 2771 1121 2804 as
1139 2757 1283 2805 contrasted

257 2841 279 2884 4.
300 2826 374 2873 mica
386 2824 469 2872 salis:
490 2823 521 2871 cs.
536 2823 608 2870 Mart.
622 2822 681 2870 VII.
699 2833 729 2885 25
776 2822 836 2869 with
857 2822 900 2870 the
921 2837 987 2870 mere
1010 2829 1111 2871 wauton
1134 2821 1237 2885 passion
1257 2825 1284 2870 oi

225 2892 346 2953 nullaque
358 2891 425 2937 mica
437 2889 498 2936 salis
512 2904 556 2936 nec
575 2889 665 2935 amari
681 2887 730 2953 sel-
777 2887 890 2936 Lesbia's
901 2903 956 2934 new
968 2888 1056 2936 lovers.

224 2957 256 3004 lis
268 2958 297 3004 in
311 2956 364 3003 illis
378 2954 519 3017 [uersibus]
529 2961 601 3016 gutta
613 2954 652 3001 sit.
810 2950 860 3006 88.
878 2953 920 3002 On
929 2953 972 3001 the
981 2953 1070 3002 crimes
1080 2953 1109 3002 os
1118 2953 1225 3012 Gellium
1247 2955 1283 3002 ci.

258 3022 280 3070 6.
298 3022 438 3070 Veneres:
459 3019 489 3068 cf.
500 3020 579 3068 Plaut.
594 3020 670 3068 Stich.
683 3019 731 3084 278
777 3036 795 3067 c.
810 3032 848 3084 74.

225 3089 384 3135 amoenitates
409 3087 525 3134 oninium
561 3088 684 3135 Venerum
710 3092 734 3134 et
814 3099 833 3136 1.
852 3096 960 3136 matre:
999 3086 1109 3150 perhaps
1143 3086 1182 3133 his
1216 3093 1283 3149 step·

226 3161 387 3202 uenustatum
400 3152 505 3217 affero,-
523 3153 609 3214 Quint.
619 3153 651 3200 X.
667 3164 688 3201 1.
701 3164 732 3215 79
777 3154 876 3202 mother
889 3154 957 3215 only;
980 3152 1012 3201 cs.
1024 3152 1086 3202 Intr.
1100 3165 1138 3216 72.

225 3223 343 3268 Isocrates
355 3234 438 3266 amnes
450 3219 551 3266 dicendi
571 3220 732 3267 Veneressec·
812 3231 834 3284 5.
855 3219 969 3269 ultima:
1002 3220 1040 3267 ia.
1061 3225 1087 3266 to
1110 3219 1155 3267 her
1178 3219 1284 3268 farthest

224 3295 292 3334 tatas
303 3293 343 3334 est.
777 3286 1056 3348 munds-Tethys:
1081 3285 1112 3333 cf.
1131 3285 1171 3347 64.
1190 3299 1222 3346 29
1240 3302 1280 3344 n.;

258 3349 307 3404 87.
325 3354 349 3399 Α
363 3352 494 3414 fragment,
519 3353 615 3402 written
633 3369 667 3402 on
684 3352 732 3401 los·
778 3352 817 3400 66.
832 3365 870 3416 70.

215 3420 269 3480 ing
281 3417 341 3466 iaith
357 3418 383 3466 in
401 3419 499 3476 Lesbia,
514 3422 565 3468 and
583 3419 734 3481 resembling
812 3418 835 3467 6,
852 3434 905 3469 nec
914 3419 1018 3469 abluit:
1037 3418 1069 3468 cf.
1080 3419 1209 3468 Lucr.V1.
1222 3432 1284 3484 1077
1375 3459 1376 3466 ,

225 3487 250 3532 in
272 3492 331 3532 tone
352 3497 389 3549 75.
416 3499 471 3548 3-4.
509 3486 619 3548 Scaliger
642 3485 734 3547 eought
780 3501 839 3542 non,
852 3487 955 3533 maresi
965 3491 1042 3535 totum
1055 3485 1118 3534 uelit
1133 3486 1216 3533 eluere
1233 3502 1284 3534 onr-

225 3551 307 3613 vainly
316 3558 342 3598 to
352 3553 477 3616 complete
492 3552 511 3600 it
523 3553 555 3615 by
565 3551 664 3612 affixing
673 3568 691 3599 c.
703 3562 732 3615 75
779 3551 854 3599 nibus
871 3551 949 3599 undis
956 3567 967 3606 ,·
990 3551 1047 3599 Seu.
1065 3551 1174 3600 Phaedr.
1194 3564 1243 3615 723
1259 3552 1283 3599 fl'.

228 3619 318 3681 (aaa).
778 3617 836 3679 quis
844 3617 909 3665 eluet
917 3633 955 3663 me
972 3617 1217 3680 Tanaistautquae
1229 3618 1284 3665 bar-

262 3698 270 3731 1
287 3684 301 3731 f.
320 3685 360 3734 Cf.
375 3684 398 3733 8.
413 3697 438 3748 53
463 3696 503 3747 37.
524 3695 553 3731 12
571 3690 657 3731 amata
675 3689 732 3730 tan·
777 3683 848 3730 baris
860 3682 967 3730 Maeotis
979 3682 1057 3729 undis
1071 3684 1170 3730 Pontico
1185 3683 1283 3731 incum-

225 3759 278 3801 tum
291 3758 418 3814 quantum
432 3750 564 3798 amabitur
576 3749 657 3797 nulla.
777 3748 834 3796 bens
852 3748 945 3796 mari?
964 3763 1016 3796 non
1040 3749 1090 3810 ipse
1112 3755 1158 3797 toto
1176 3764 1285 3812 magnus

258 3832 281 3876 4.
301 3825 365 3866 tuo:
387 3815 417 3864 cs.
432 3815 471 3877 64.
485 3827 533 3880 253
545 3831 569 3862 n.
582 3821 624 3862 tuo
639 3829 731 3862 amore.
779 3830 866 3862 oceano
880 3821 958 3876 pater
975 3821 1075 3862 tantum
1099 3815 1217 3876 expiarit
1237 3831 1283 3863 sce-
