2782 4320
120 323 222 392 -90.⁶]
558 323 749 377 cosumus.
1134 319 1184 373 nor

140 559 142 562 .
185 504 271 569 Nam
290 504 371 569 nihil
387 513 439 569 est
455 503 632 588 quicquam
649 500 783 569 sceleris
800 524 865 587 quo
881 504 1020 586 prodeat
1036 499 1132 578 ultra,

229 608 306 672 Non
324 608 352 672 si
368 608 514 674 demisso
530 627 567 672 se
583 608 655 692 ipse
671 616 766 672 uoret
782 606 900 690 capite.

625 823 681 910 ⁸9.

185 971 313 1036 Gellius
329 981 382 1036 est
398 971 531 1037 tenuis:
553 971 633 1056 quid
650 971 707 1034 ni?
730 969 783 1035 cui
799 979 867 1035 tam
884 970 972 1036 bona
988 980 1096 1036 mater

227 1076 379 1158 Tamque
395 1075 511 1139 ualens
528 1075 620 1139 uiuat
636 1084 771 1157 tamque
786 1084 930 1139 uenusta
946 1093 1039 1139 soror

154 1229 156 1232 .
184 1178 336 1262 Tamque
351 1179 460 1243 bonus
476 1188 615 1262 patruus
630 1188 766 1261 tamque
783 1178 894 1242 omnia
909 1177 1008 1261 plena
1023 1178 1142 1261 puellis

74 1369 77 1375 Ι
229 1281 401 1366 Cognatis,
418 1302 521 1366 quare
535 1281 564 1346 is
580 1283 712 1346 desinat
728 1294 804 1347 esse
819 1281 952 1347 macer?

139 1412 154 1468 5
183 1385 250 1470 Qui
266 1396 303 1451 ut
319 1386 401 1450 nihil
417 1387 572 1470 attingat,
590 1385 655 1450 nisi
671 1387 760 1470 quod
775 1386 827 1450 ias
843 1395 983 1469 tangere
997 1405 1066 1450 non
1083 1393 1142 1464 est,

229 1490 456 1574 Quantumuis
472 1511 575 1574 quare
591 1491 634 1555 sit
650 1511 764 1555 macer
778 1489 938 1555 inuenies.

185 1842 352 1906 Nascatur
367 1862 485 1925 magus
502 1862 543 1906 ex
560 1841 647 1906 Gelli
664 1840 846 1926 matrisque
863 1844 1008 1908 nefando

229 1945 394 2028 Coniugio
410 1957 443 2010 et
460 1945 568 2011 discat
586 1947 755 2010 Persicum
772 1948 1016 2030 haruspicium:

186 2049 273 2113 Nam
290 2069 407 2132 magus
424 2071 465 2114 ex
480 2061 589 2114 matre
606 2060 639 2114 et
656 2060 759 2133 gnato
774 2051 933 2134 gignatur
948 2060 1090 2133 oportet,

229 2152 265 2216 Si
281 2173 361 2217 uera
376 2163 428 2217 est
446 2155 620 2218 Persarum
636 2154 737 2236 impia
752 2155 877 2238 religio,
909 2179 911 2185 ⁴

140 2282 155 2338 ς
184 2257 307 2320 Gratus
323 2267 361 2320 ut
377 2268 516 2340 accepto
532 2268 711 2322 ueneretur
726 2259 873 2322 ca'rmine
889 2259 984 2323 diuos

229 2360 413 2425 Omentum
431 2361 464 2425 in
481 2362 615 2426 flamma
630 2363 754 2446 pingue
770 2362 996 2446 liquefaciens.

123 2551 392 2602 kris—Oceanus:
421 2552 481 2601 with
501 2551 551 2602 this
573 2568 633 2601 con·
678 2553 734 2602 Tib.
747 2554 768 2603 I.
781 2552 804 2602 8.
818 2565 850 2618 54
866 2553 983 2602 lacrimis
998 2555 1087 2603 omnia
1102 2555 1183 2620 plena

122 2616 239 2682 junction
251 2617 280 2665 oi
293 2618 406 2666 Oceanus
417 2619 477 2668 with
496 2621 521 2668 T
517 2618 584 2682 ὥστε
600 2618 632 2668 cf.
679 2620 787 2667 madent.

125 2684 207 2732 Hom.
216 2683 248 2730 Il.
258 2683 328 2732 XIV.
339 2697 384 2731 σοι
397 2677 512 2732 Ὠκεανόν
522 2701 559 2744 τε,
572 2685 634 2732 θεῶν
710 2682 759 2736 90.
780 2685 821 2733 On
841 2685 884 2734 the
901 2699 969 2734 same
992 2685 1078 2735 theme
1095 2701 1123 2736 as
1140 2687 1183 2736 the

122 2749 233 2808 γένεσιν,
245 2750 285 2795 rai
297 2750 393 2809 μητέρα
406 2746 494 2808 Τηθύν.
677 2751 823 2814 preceding.

162 2826 183 2878 7.
201 2813 273 2863 nihil
287 2815 456 2878 quicquam:
475 2822 547 2864 anot
558 2815 633 2864 inire·
710 2830 734 2876 4.
753 2818 926 2865 Persammr
956 2817 1000 2865 the
1023 2817 1133 2881 practice
1157 2817 1183 2867 oi
1208 2829 1213 2836 ·

124 2885 205 2944 quent
220 2880 363 2944 expression
377 2881 403 2928 in
414 2882 457 2929 the
472 2881 628 2939 comedians;
677 2881 821 2930 incestuous
849 2882 985 2944 marriages
1016 2898 1109 2945 among
1139 2885 1182 2932 the

124 2944 159 2994 ci.
172 2944 251 2994 Plaut.
267 2947 357 2994 Bacch.
373 2946 435 3008 1036
448 2947 518 2995 nihil
529 2963 569 3012 ego
585 2948 633 2996 ribi
678 2947 779 2996 Persian
812 2947 883 3010 Magi
916 2947 937 2996 is
970 2949 1115 2997 mentioned
1150 2949 1182 3012 by

122 3011 197 3060 hodie
211 3012 302 3060 consili
318 3013 453 3076 quicquam
471 3013 531 3060 dabo
539 3030 549 3067 ,¹
574 3014 631 3062 Ter.
678 3013 767 3062 Strabo
789 3013 845 3061 XV.
863 3028 888 3077 p.
913 3023 960 3077 735
983 3011 1079 3062 τούτοις
1096 3015 1123 3062 δὲ
1141 3017 1182 3062 rai

124 3078 254 3138 Andr.90
266 3079 444 3140 comparicbam
457 3079 546 3127 ailad
554 3080 631 3127 Pam·
676 3080 785 3140 μητράσι
808 3080 974 3140 συνέρχεσθαι
996 3081 1102 3141 πάτριον
1120 3079 1181 3127 uero·

120 3144 225 3210 philam
235 3145 371 3207 quicquam
383 3145 498 3196 attinere.
676 3162 775 3205 μιστσι;
808 3145 849 3194 ci.
863 3145 916 3193 also
941 3145 1026 3209 Eurip.
1057 3146 1182 3196 Androm.

160 3209 183 3258 8.
201 3210 419 3271 nonsitsee48.
459 3226 484 3258 n.
679 3223 725 3275 n73
742 3211 766 3260 ff.
784 3213 835 3260 and
852 3211 960 3269 scholia3
982 3213 1049 3260 Tert.
1068 3212 1138 3276 Apol.
1156 3227 1181 3276 p.

160 3274 210 3331 89.
229 3277 269 3325 On
282 3276 324 3325 the
337 3291 405 3324 same
422 3223 548 3326 tieme-as
559 3293 578 3325 c.
591 3277 631 3326 88.
679 3288 709 3326 ιο
727 3280 816 3326 Persas
833 3293 891 3325 cura
909 3278 963 3325 suc's
980 3277 1106 3326 matribus
1122 3279 1181 3326 mis·

163 3356 183 3393 1.
201 3344 285 3401 bona,
304 3343 437 3406 'oblrginffl
466 3342 511 3391 ci·
530 3355 583 3390 rro.
618 3355 628 3392 1
676 3343 728 3390 ceri
744 3344 836 3391 Ctesias
847 3344 931 3408 refert.

124 3410 206 3460 honae
216 3410 321 3458 amicae.
710 3419 732 3472 5.
750 3417 848 3470 gratus
860 3417 977 3472 accepto
989 3409 1129 3458 carmine:
1150 3409 1181 3458 ci.

160 3488 183 3538 3.
200 3476 294 3525 bonus
313 3484 445 3540 patruus:
470 3475 514 3523 the
534 3489 631 3539 expres·
676 3472 716 3537 67.
734 3474 766 3521 26
783 3475 996 3524 n.-carmine:
1022 3475 1066 3522 the
1083 3475 1182 3523 litanies

123 3541 181 3591 sion
191 3541 255 3590 finds
267 3557 299 3589 an
312 3541 472 3604 explanation
485 3540 511 3588 in
523 3557 540 3588 c.
553 3551 590 3602 74.
598 3566 632 3576 -
676 3539 704 3587 oi
713 3540 784 3588 these
796 3540 887 3603 priests
904 3555 946 3588 are
964 3540 1016 3588 also
1034 3540 1181 3589 mentioned

124 3607 224 3673 omnia
241 3607 340 3670 plena:
360 3607 391 3655 ci.
410 3607 462 3655 Cic.
475 3608 526 3654 Arc.
541 3606 575 3654 11.
591 3618 630 3666 24.
675 3605 702 3652 in
714 3605 803 3653 Strabo
815 3605 870 3653 XV.
883 3621 907 3668 p.
921 3618 976 3669 733.

123 3687 141 3733 4
154 3673 191 3719 ita
203 3679 266 3731 sunt
275 3672 362 3719 omnia
380 3672 496 3720 omnium
514 3671 630 3719 miseria-
683 3685 686 3707 ι
707 3670 731 3719 6.
750 3679 906 3728 omentum,
916 3678 979 3719 eto:
998 3671 1029 3720 cs.
1040 3672 1106 3720 Pers.
1117 3684 1138 3719 2.
1148 3684 1181 3734 47

123 3753 186 3786 rum
205 3737 356 3800 plenissima
364 3753 375 3791 ,·
398 3737 474 3799 Verg.
501 3738 573 3784 Geor.
594 3737 630 3784 11.
676 3736 705 3784 in
712 3737 838 3800 stammas
850 3737 969 3784 iunicum
981 3745 1079 3785 omenta
1092 3737 1180 3800 liques·

122 3802 447 3866 4ruishicomnia1plena
461 3803 629 3856 muneribus;
674 3801 988 3864 cana-liquefaciens
1007 3802 1038 3851 cs.
1049 3803 1109 3851 lntr.
1119 3802 1152 3850 86
1155 3805 1180 3868 f
1213 3855 1214 3858 Ἴ
