2782 4320
461 343 627 395 CRITICAL
649 344 839 396 APPENDIX.

319 509 419 560 Scilicet
431 507 549 558 acalamis
560 508 646 558 tribuit
658 509 698 559 cui
710 509 806 559 francis
819 525 912 560 nomen

350 592 451 657 Quique
462 598 533 641 notat
544 591 617 641 turbe
628 592 797 656 pretereuntis
808 592 862 642 iter.

317 675 374 738 Quo
386 675 445 725 licet
456 675 559 738 ingenio
571 682 681 725 uestrum
694 674 820 725 celebrate
831 675 957 725 Catullum

350 757 426 806 Cuius
437 758 483 807 sub
495 757 580 808 modio
593 758 677 807 clausa
688 757 790 823 papirus
802 764 863 808 erat.

151 892 192 941 Tu
202 891 280 941 lector
292 891 442 956 quicumque
455 891 488 940 ad
500 891 570 940 cuius
582 906 672 940 maures
688 891 729 940 bic
745 890 843 940 libellus
856 891 889 940 ob
901 890 999 941 uenerit
1011 890 1131 956 Scriptori
1142 893 1176 943 da

118 974 220 1024 ueniam
240 974 261 1023 si
278 973 324 1024 tibi
344 979 462 1037 coruptus
479 973 605 1022 uidebitur
625 1009 631 1023 .
651 973 778 1036 Quoniam
799 990 815 1023 a
834 973 1020 1038 corruptissimo
1040 974 1175 1039 exemplari

117 1057 274 1121 transcripsit
289 1091 296 1105 .
311 1072 363 1105 non
380 1056 450 1105 enim
467 1055 605 1121 quodpiam
621 1055 690 1105 aliud
708 1056 808 1106 extabat
826 1057 893 1105 unde
910 1063 992 1120 posset
1007 1056 1085 1105 libelli
1102 1057 1175 1107 buius

117 1140 208 1188 habere
219 1139 319 1204 copiam
332 1139 491 1204 exemplandi
524 1138 558 1188 lu
575 1145 603 1188 ut
620 1138 704 1204 exipso
716 1138 843 1188 salebroso
855 1138 950 1204 aliquid
967 1146 1067 1196 tantum
1084 1154 1172 1202 sugge

116 1229 156 1272 ret
168 1222 279 1272 decreuit
290 1222 381 1287 pocius
391 1229 476 1270 tamen
485 1228 617 1287 coruptum
628 1222 717 1272 babere
730 1237 809 1286 qnam
820 1221 927 1272 omnino
937 1237 1029 1271 carere.
1064 1221 1174 1286 Sperans

117 1305 202 1354 adbuc
214 1305 246 1354 ab
258 1304 299 1354 alli
312 1320 362 1369 quo
373 1304 423 1353 alio
441 1303 541 1354 fortuite
559 1312 703 1368 emergente
720 1304 790 1354 bunc
807 1318 881 1369 posse
896 1304 1008 1368 corigere
1020 1340 1027 1354 .
1039 1304 1142 1354 Valebis
1153 1304 1174 1353 si

117 1387 143 1436 ei
154 1387 183 1437 in
194 1394 311 1453 precatus
322 1403 375 1436 non
387 1385 470 1436 fueris.

151 1557 159 1571 .
174 1533 244 1586 1375.
277 1536 361 1570 mense
375 1519 471 1570 octobr.
487 1516 540 1584 190.
575 1517 609 1586 'qr‘r
622 1518 776 1584 casignorius
792 1519 924 1570 laborabat
935 1519 962 1570 in
974 1518 1090 1588 extremis
1102 1556 1109 1570 .
1121 1527 1172 1569 etc

120 1604 329 1668 (=cetera):—

151 1703 244 1753 Lesbia
254 1705 375 1753 damnose
386 1702 476 1752 bibens
487 1702 678 1768 interpretatur.
687 1718 694 1750 ε
702 1728 735 1740 -

153 1837 235 1904 (reis
244 1836 411 1901 subsm'ption
423 1835 445 1885 is
456 1835 565 1899 entirely
575 1836 695 1899 wanting
704 1836 734 1884 in
750 1836 779 1894 0,
790 1836 847 1884 and
855 1836 885 1885 in
897 1837 996 1886 several
1009 1837 1042 1903 os
1050 1835 1090 1885 tlte
1100 1835 1174 1885 better

116 1921 179 1970 class
190 1922 223 1988 os
229 1921 294 1969 later
303 1921 360 1968 and
368 1919 536 1984 interpolated
544 1920 625 1968 MSS.
659 1921 746 1982 Many
756 1918 825 1967 other
835 1919 868 1985 os
876 1919 939 1969 these
949 1919 1040 1976 MSS,
1052 1917 1174 1977 however,

117 2005 222 2054 contain
233 2003 273 2052 the
283 2004 397 2067 epigram
410 2003 443 2069 os
455 2002 614 2066 Campesani,
625 2001 705 2051 either
714 2002 775 2050 with
787 2016 817 2050 or
828 2001 934 2051 without
948 2001 987 2050 the
997 2001 1050 2050 title
1061 2002 1140 2065 given
1151 2009 1174 2050 to

31 2126 34 2131 .
117 2088 141 2135 it
154 2086 220 2145 ltere,
232 2085 320 2150 tkoeegh
331 2086 437 2134 insonte
454 2085 477 2133 it
489 2085 575 2133 stands
586 2090 615 2133 at
629 2084 668 2133 the
684 2083 825 2148 beginning
834 2084 935 2132 instead
943 2085 976 2150 os
985 2084 1023 2132 the
1034 2083 1088 2133 end
1095 2086 1127 2152 os
1136 2084 1174 2132 the

117 2169 182 2217 book.
222 2171 247 2217 T
243 2169 274 2218 tre
284 2167 353 2218 other
363 2167 516 2232 concluding
522 2156 657 2234 formulae
668 2167 700 2233 of
709 2165 748 2215 tlte
759 2165 824 2215 later
835 2165 917 2216 MSS.
928 2181 975 2216 are
986 2166 1018 2232 of
1028 2181 1061 2215 no
1072 2164 1173 2215 critical

118 2247 242 2308 interest.)
